<?xml version="1.0" encoding="UTF-8"?><collection xmlns="http://www.loc.gov/MARC21/slim"><record><leader>00691nam--2200205-i-4500</leader><controlfield tag="001">000008135</controlfield><controlfield tag="002">20161230</controlfield><controlfield tag="005">20161230201027</controlfield><controlfield tag="008">060222s1000------------r-----000-0-ger-d</controlfield><datafield ind1=" " ind2=" " tag="040"><subfield code="a">IFIN-HH</subfield></datafield><datafield ind1=" " ind2=" " tag="041"><subfield code="a">ger</subfield></datafield><datafield ind1=" " ind2=" " tag="080"><subfield code="a">621.384.6</subfield></datafield><datafield ind1="1" ind2=" " tag="100"><subfield code="a">Clausnitzer, G</subfield></datafield><datafield ind1="1" ind2="0" tag="245"><subfield code="a">Partikel-beschleuniger particle-accelerators</subfield><subfield code="b">Thiemig-taschenbucher band 28</subfield><subfield code="c">G. clausnitzer, g. dupp, w. hanle, p. kleinheins, h. lob, k.h. reich, a. scharmann, h. schneider, w. schwertfuhrer, k. wolcken</subfield></datafield><datafield ind1=" " ind2=" " tag="260"><subfield code="a">Munchen</subfield><subfield code="b">Verlag Karl Thiemig Kg</subfield><subfield code="c">1967</subfield></datafield><datafield ind1=" " ind2=" " tag="300"><subfield code="a">XII + 270 P</subfield></datafield><datafield ind1=" " ind2=" " tag="490"><subfield code="a">Thiemig-taschenbucher</subfield><subfield code="v">Band 28</subfield></datafield><datafield ind1="1" ind2=" " tag="700"><subfield code="a">Wolcken, K</subfield></datafield><datafield ind1=" " ind2=" " tag="852"><subfield code="a">19423</subfield><subfield code="c">539</subfield></datafield><datafield ind1=" " ind2=" " tag="CAT"><subfield code="a">Sys</subfield><subfield code="c">20110928</subfield><subfield code="h">134644</subfield></datafield></record></collection>